@article{Elias2004,
author = {Elias, Joshua and Gibbons, Frank and King, Oliver and Roth, Frederick and Gygi, Steven},
year = {2004},
month = {03},
pages = {214-9},
title = {Intensity-based protein identification by machine learning from a library of tandem mass spectra},
volume = {22},
journal = {Nature biotechnology},
doi = {10.1038/nbt930}
}

@article{Bhermann2017,
    author = {Behrmann, Jens and Etmann, Christian and Boskamp, Tobias and Casadonte, Rita and Kriegsmann, J. and Maa$\beta$, P.},
    title = "{Deep learning for tumor classification in imaging mass spectrometry}",
    journal = {Bioinformatics},
    volume = {34},
    number = {7},
    pages = {1215-1223},
    year = {2017},
    month = {11},
    issn = {1367-4803},
    doi = {10.1093/bioinformatics/btx724},
    url = {https://doi.org/10.1093/bioinformatics/btx724},
    eprint = {https://academic.oup.com/bioinformatics/article-pdf/34/7/1215/25119530/btx724.pdf},
}

@article{Jiang2016, 
title={Extraction and Analysis of Terpenes/Terpenoids}, volume={1},
DOI={10.1002/cppb.20024}, 
number={2},
journal={Current Protocols in Plant Biology},
author={Jiang, Zuodong and Kempinski, Chase and Chappell, Joe},
year={2016}, 
pages={345â€“358}
}

@article{sermakkani2012,
  title={GC-MS analysis of Cassia italica leaf methanol extract},
  author={Sermakkani, M and Thangapandian, V},
  journal={Asian J Pharm Clin Res},
  volume={5},
  number={2},
  pages={90--94},
  year={2012}
}

@article{Russo2011,
author={Russo, Ethan B.},
title={Taming THC: potential cannabis synergy and phytocannabinoid-terpenoid entourage effects},
journal={British journal of pharmacology},
year={2011},
month={Aug},
publisher={Blackwell Publishing Ltd},
volume={163},
number={7},
pages={1344-1364},
keywords={Animals},
keywords={Cannabis/chemistry},
keywords={Dronabinol/*pharmacology},
keywords={Drug Synergism},
keywords={Humans},
keywords={Phytotherapy},
keywords={Terpenes/*pharmacology},
note={21749363[pmid], PMC3165946[pmcid]},
issn={1476-5381},
doi={10.1111/j.1476-5381.2011.01238.x},
url={https://www.ncbi.nlm.nih.gov/pubmed/21749363}
}

@misc{alana2019, 
title={Cannabis terpenes, everything you need to know.},
author={Alana},
url={https://meetharmony.com/wp-content/uploads/2016/09/amazing-world-of-terpenes.png.webp}, 
journal={Terpenes: The real reason why you love your favorite Cannabis strains!}, 
publisher={Harmony}, 
note = {[Online; viewed February 2, 2020]},
year={2019}, 
month={Mar}}

@article{hall2009,
  title={The WEKA data mining software: an update},
  author={Hall, Mark and Frank, Eibe and Holmes, Geoffrey and Pfahringer, Bernhard and Reutemann, Peter and Witten, Ian H},
  journal={ACM SIGKDD explorations newsletter},
  volume={11},
  number={1},
  pages={10--18},
  year={2009},
  publisher={ACM New York, NY, USA}
}

@Article{Cortes1995,
author={Cortes, Corinna
and Vapnik, Vladimir},
title={Support-Vector Networks},
journal={Machine Learning},
year={1995},
volume={20},
number={3},
pages={273-297},
issn={1573-0565},
doi={10.1023/A:1022627411411},
url={https://doi.org/10.1023/A:1022627411411}
}

@article{de2000,
  title={Mass spectrometry},
  author={De Hoffmann, Edmond},
  journal={Kirk-Othmer Encyclopedia of Chemical Technology},
  year={2000},
  publisher={Wiley Online Library}
}